@online{CORS,
  author = {MDN},
  title = {HTTP access control (CORS)},
  year = 2016,
  url = {https://developer.mozilla.org/en-US/docs/Web/HTTP/Access_control_CORS},
  urldate = {2016-07-07}
}

@article{brooke1996sus,
  title={SUS-A quick and dirty usability scale},
  author={Brooke, John and others},
  journal={Usability evaluation in industry},
  volume={189},
  number={194},
  pages={4--7},
  year={1996},
  publisher={London}
}

@article{bangor2009determining,
  title={Determining what individual SUS scores mean: Adding an adjective rating scale},
  author={Bangor, Aaron and Kortum, Philip and Miller, James},
  journal={Journal of usability studies},
  volume={4},
  number={3},
  pages={114--123},
  year={2009},
  publisher={Usability Professionals' Association}
}

@incollection{gackenheimer2015core,
  title={The Core of React},
  author={Gackenheimer, Cory},
  booktitle={Introduction to React},
  pages={21--42},
  year={2015},
  publisher={Springer}
}


@article{nielsen2001conduct,
  title={How to conduct a heuristic evaluation},
  author={Nielsen, Jakob},
  journal={retrieved November},
  volume={10},
  year={2001}
}







@article{barron1998minimum,
  title={The minimum description length principle in coding and modeling},
  author={Barron, Andrew and Rissanen, Jorma and Yu, Bin},
  journal={IEEE Transactions on Information Theory},
  volume={44},
  number={6},
  pages={2743--2760},
  year={1998},
  publisher={IEEE}
}

@book{grunwald2005advances,
  title={Advances in minimum description length: Theory and applications},
  author={Gr{\"u}nwald, Peter D and Myung, In Jae and Pitt, Mark A},
  year={2005},
  publisher={MIT press}
}

@book{ferraiolo2000scalable,
  title={Scalable vector graphics (SVG) 1.0 specification},
  author={Ferraiolo, Jon and Jun, Fujisawa and Jackson, Dean},
  year={2000},
  publisher={iuniverse}
}

@book{williams2012learning,
  title={Learning html5 game programming: A hands-on guide to building online games using Canvas, SVG, and WebGL},
  author={Williams, James L},
  year={2012},
  publisher={Addison-Wesley Professional}
}

@book{geary2012core,
  title={Core HTML5 canvas: graphics, animation, and game development},
  author={Geary, David},
  year={2012},
  publisher={Pearson Education}
}

@book{richardson2008restful,
  title={RESTful web services},
  author={Richardson, Leonard and Ruby, Sam},
  year={2008},
  publisher={" O'Reilly Media, Inc."}
}

@inproceedings{pautasso2008restful,
  title={Restful web services vs. big'web services: making the right architectural decision},
  author={Pautasso, Cesare and Zimmermann, Olaf and Leymann, Frank},
  booktitle={Proceedings of the 17th international conference on World Wide Web},
  pages={805--814},
  year={2008},
  organization={ACM}
}

@article{fette2011websocket,
  title={The websocket protocol},
  author={Fette, Ian},
  year={2011}
}

@article{pimentel2012communicating,
  title={Communicating and displaying real-time data with WebSocket},
  author={Pimentel, Victoria and Nickerson, Bradford G},
  journal={IEEE Internet Computing},
  volume={16},
  number={4},
  pages={45--53},
  year={2012},
  publisher={IEEE}
}
